
@book{sutton1998reinforcement,
  title={Reinforcement learning: An introduction},
  author={Sutton, Richard S and Barto, Andrew G},
  volume={1},
  number={1},
  year={1998},
  publisher={MIT press Cambridge}
}

@article{sherstan2018directly,
  title={Directly Estimating the Variance of the {$\lambda$}-Return Using Temporal-Difference Methods},
  author={Sherstan, Craig and Bennett, Brendan and Young, Kenny and Ashley, Dylan R and White, Adam and White, Martha and Sutton, Richard S},
  journal={arXiv preprint arXiv:1801.08287},
  year={2018}
}

@article{zeiler2012adadelta,
  title={ADADELTA: an adaptive learning rate method},
  author={Zeiler, Matthew D},
  journal={arXiv preprint arXiv:1212.5701},
  year={2012}
}

@inproceedings{sutton2009fast,
  title={Fast gradient-descent methods for temporal-difference learning with linear function approximation},
  author={Sutton, Richard S and Maei, Hamid Reza and Precup, Doina and Bhatnagar, Shalabh and Silver, David and Szepesv{\'a}ri, Csaba and Wiewiora, Eric},
  booktitle={Proceedings of the 26th Annual International Conference on Machine Learning},
  pages={993--1000},
  year={2009},
  organization={ACM}
}

@inproceedings{sutton2011horde,
  title={Horde: A scalable real-time architecture for learning knowledge from unsupervised sensorimotor interaction},
  author={Sutton, Richard S and Modayil, Joseph and Delp, Michael and Degris, Thomas and Pilarski, Patrick M and White, Adam and Precup, Doina},
  booktitle={The 10th International Conference on Autonomous Agents and Multiagent Systems-Volume 2},
  pages={761--768},
  year={2011},
  organization={International Foundation for Autonomous Agents and Multiagent Systems}
}

@inproceedings{white2016greedy,
  title={A greedy approach to adapting the trace parameter for temporal difference learning},
  author={White, Martha and White, Adam},
  booktitle={Proceedings of the 2016 International Conference on Autonomous Agents \& Multiagent Systems},
  pages={557--565},
  year={2016},
  organization={International Foundation for Autonomous Agents and Multiagent Systems}
}

@phdthesis{white2015developing,
  title={Developing a predictive approach to knowledge},
  author={White, Adam},
  year={2015},
  school={PhD thesis, University of Alberta}
}

@unpublished{kearney2017adapting,
  title={{TIDBD}: Adapting Temporal-difference Step-sizes Through Stochastic Meta-descent.},
  author={Kearney, A and Veeriah, V and Travnik, J and Sutton, Richard S and Pilarski, Patrick M},
  year={2017},
  note={University of Alberta}
}
